@article{dvorak.norin:treewidth,
  author       = {Zdenek Dvo\v{r}{\'{a}}k and
                  Sergey Norin},
  title        = {Treewidth of graphs with balanced separations},
  journal      = {J. Comb. Theory {B}},
  volume       = {137},
  pages        = {137--144},
  year         = {2019},
  url          = {https://doi.org/10.1016/j.jctb.2018.12.007},
  doi          = {10.1016/J.JCTB.2018.12.007},
  timestamp    = {Fri, 07 Jun 2024 15:05:20 +0200},
  biburl       = {https://dblp.org/rec/journals/jct/DvorakN19.bib},
  bibsource    = {dblp computer science bibliography, https://dblp.org}
}
